<record><leader>00000cas a2200000 a 4500</leader><controlfield tag="001">33811902</controlfield><controlfield tag="008">951128c19uu9999caudr ne      0   k0kor c</controlfield><datafield ind1=" " ind2=" " tag="010"><subfield code="a">   00211320 </subfield></datafield><datafield ind1=" " ind2=" " tag="040"><subfield code="a">CUV</subfield><subfield code="b">eng</subfield><subfield code="c">CUV</subfield><subfield code="d">NSD</subfield><subfield code="d">OCLCQ</subfield><subfield code="d">OCLCF</subfield><subfield code="d">OCLCO</subfield><subfield code="d">OCLCQ</subfield></datafield><datafield ind1=" " ind2=" " tag="012"><subfield code="l">1</subfield></datafield><datafield ind1="0" ind2=" " tag="022"><subfield code="a">1528-6401</subfield><subfield code="l">1528-6401</subfield><subfield code="2">1</subfield></datafield><datafield ind1=" " ind2=" " tag="037"><subfield code="b">The Korea Central Daily, 1245 Howard Street, San Francisco, CA 94103.</subfield></datafield><datafield ind1="0" ind2=" " tag="041"><subfield code="a">kor</subfield><subfield code="a">eng</subfield></datafield><datafield ind1=" " ind2=" " tag="042"><subfield code="a">nsdp</subfield><subfield code="a">pcc</subfield></datafield><datafield ind1=" " ind2=" " tag="043"><subfield code="a">n-us-ca</subfield></datafield><datafield ind1="0" ind2=" " tag="130"><subfield code="a">Chungang ilbo (San Francisco, Calif.)</subfield></datafield><datafield ind1="0" ind2=" " tag="210"><subfield code="a">Chungang ilbo</subfield><subfield code="b">(San Franc. Calif.)</subfield></datafield><datafield ind1=" " ind2="0" tag="222"><subfield code="a">Chungang ilbo</subfield><subfield code="b">(San Francisco, Calif.)</subfield></datafield><datafield ind1="1" ind2="0" tag="245"><subfield code="a">Chungang ilbo =</subfield><subfield code="b">The Korea central daily.</subfield></datafield><datafield ind1="3" ind2="1" tag="246"><subfield code="a">Korea central daily</subfield></datafield><datafield ind1="1" ind2=" " tag="246"><subfield code="i">Also known as:</subfield><subfield code="a">Joong-ang daily news</subfield></datafield><datafield ind1="3" ind2=" " tag="246"><subfield code="a">Korea central daily San Francisco</subfield></datafield><datafield ind1="1" ind2=" " tag="246"><subfield code="i">Parallel title on 2nd section:</subfield><subfield code="a">Korea central daily S.F.</subfield></datafield><datafield ind1=" " ind2=" " tag="250"><subfield code="a">Puk Kaju-p'an.</subfield></datafield><datafield ind1=" " ind2=" " tag="260"><subfield code="a">San Francisco, Calif. :</subfield><subfield code="b">Korea Central Daily.</subfield></datafield><datafield ind1=" " ind2=" " tag="300"><subfield code="a">volumes :</subfield><subfield code="b">illustrations ;</subfield><subfield code="c">58 cm</subfield></datafield><datafield ind1=" " ind2=" " tag="310"><subfield code="a">Daily (except Monday &amp; certain holidays)</subfield></datafield><datafield ind1=" " ind2=" " tag="336"><subfield code="a">text</subfield><subfield code="b">txt</subfield><subfield code="2">rdacontent</subfield></datafield><datafield ind1=" " ind2=" " tag="337"><subfield code="a">unmediated</subfield><subfield code="b">n</subfield><subfield code="2">rdamedia</subfield></datafield><datafield ind1=" " ind2=" " tag="338"><subfield code="a">volume</subfield><subfield code="b">nc</subfield><subfield code="2">rdacarrier</subfield></datafield><datafield ind1=" " ind2=" " tag="546"><subfield code="a">In Korean and parts in English.</subfield></datafield><datafield ind1=" " ind2=" " tag="588"><subfield code="a">Description based on: Che 3796-ho (1998-yo&#774;n 7-wo&#774;l 23-il).</subfield></datafield><datafield ind1=" " ind2="0" tag="650"><subfield code="a">Korean newspapers</subfield><subfield code="z">California</subfield><subfield code="z">San Francisco.</subfield></datafield><datafield ind1=" " ind2="7" tag="650"><subfield code="a">Korean newspapers.</subfield><subfield code="2">fast</subfield><subfield code="0">(OCoLC)fst00988870</subfield></datafield><datafield ind1=" " ind2="7" tag="651"><subfield code="a">California</subfield><subfield code="z">San Francisco.</subfield><subfield code="2">fast</subfield><subfield code="0">(OCoLC)fst01204481</subfield></datafield><datafield ind1="1" ind2=" " tag="029"><subfield code="a">AU@</subfield><subfield code="b">000015762970</subfield></datafield><datafield ind1="1" ind2=" " tag="029"><subfield code="a">AU@</subfield><subfield code="b">000021382040</subfield></datafield></record>